<?xml version="1.0" encoding="UTF-8"?><collection xmlns="http://www.loc.gov/MARC21/slim"><record><leader>00322nam--2200109-i-4500</leader><controlfield tag="001">000008900</controlfield><controlfield tag="002">20161230</controlfield><controlfield tag="005">20161230201028</controlfield><controlfield tag="008">060222s1000------------r-----000-0-eng-d</controlfield><datafield ind1=" " ind2=" " tag="245"><subfield code="a">Bibliographies of atomic energy literature. issued or in progress during the period:octob er - november 1966</subfield></datafield><datafield ind1=" " ind2=" " tag="490"><subfield code="a">Tid</subfield></datafield><datafield ind1=" " ind2=" " tag="852"><subfield code="a">621.039:O16</subfield></datafield></record></collection>